<record><leader>00000cas a22000007a 4500</leader><controlfield tag="001">29177553</controlfield><controlfield tag="008">931022d19071909okuwr ne      0    0eng d</controlfield><datafield ind1=" " ind2=" " tag="010"><subfield code="a">sn 93066176 </subfield></datafield><datafield ind1=" " ind2=" " tag="040"><subfield code="a">OBN</subfield><subfield code="b">eng</subfield><subfield code="c">OBN</subfield><subfield code="d">OCL</subfield><subfield code="d">OCLCQ</subfield></datafield><datafield ind1=" " ind2=" " tag="042"><subfield code="a">msc</subfield></datafield><datafield ind1="0" ind2="0" tag="245"><subfield code="a">Crawford blade.</subfield></datafield><datafield ind1=" " ind2=" " tag="260"><subfield code="a">Crawford, Okla. :</subfield><subfield code="b">A.H. Carter</subfield></datafield><datafield ind1=" " ind2=" " tag="300"><subfield code="a">v.</subfield></datafield><datafield ind1=" " ind2=" " tag="310"><subfield code="a">Weekly</subfield></datafield><datafield ind1="0" ind2=" " tag="362"><subfield code="a">Vol. 1, no. 51 (May 24, 1907)-v. 3, no. 42 (Mar. 19, 1909).</subfield></datafield><datafield ind1=" " ind2="4" tag="651"><subfield code="a">Crawford (Okla.)</subfield><subfield code="v">Newspapers.</subfield></datafield><datafield ind1=" " ind2="4" tag="651"><subfield code="a">Roger Mills County (Okla.)</subfield><subfield code="v">Newspapers.</subfield></datafield><datafield ind1=" " ind2=" " tag="752"><subfield code="a">United States</subfield><subfield code="b">Oklahoma</subfield><subfield code="c">Roger Mills</subfield><subfield code="d">Crawford.</subfield></datafield><datafield ind1="0" ind2="0" tag="780"><subfield code="t">Hamburg blade</subfield><subfield code="w">(DLC)sn 93066175</subfield><subfield code="w">(OCoLC)29177485</subfield></datafield><datafield ind1="0" ind2="4" tag="785"><subfield code="t">Cheyenne star (Cheyenne, Okla. : 1904)</subfield><subfield code="w">(DLC)sn 93066178</subfield><subfield code="w">(OCoLC)29177784</subfield></datafield><datafield ind1="1" ind2=" " tag="029"><subfield code="a">AU@</subfield><subfield code="b">000022801848</subfield></datafield></record>